@comment{x-kbibtex-encoding=utf-8}

@online{IMG-rs485conv,
	author = {Sharma, Rishi},
	title = {{How is this RS485 Module Working?}},
	url = {https://electronics.stackexchange.com/questions/244425/how-is-this-rs485-module-working},
	urldate = {2023-11-01},
	year = {2016}
}

@online{olimex,
	title = {{Olimex website}},
	url = {https://www.olimex.com/About/},
	urldate = {2023-11-01}
}

@online{docker-gstarted,
	title = {{What is a container?}},
	url = {https://docs.docker.com/guides/walkthroughs/what-is-a-container/},
	urldate = {2023-12-06},
	year = {2023}
}

@online{docker-install,
	title = {{Install Docker Engine on Debian}},
	url = {https://docs.docker.com/engine/install/debian},
	urldate = {2023-12-06},
	year = {2023}
}

@online{Modbus-protocol,
	author = {Omiccioli, Aldo},
	date = {2017},
	title = {{Modbus protocol over su RS485 – Part 3 – Data Link layer}},
	url = {https://web-plc.com/blog/2017/06/01/rtu-modbus/},
	urldate = {2024-01-09}
}

@online{esp-32-package,
	author = {{Espressif Systems}},
	title = {{ESP32-WROOM-32E Datasheet}},
	url = {https://www.espressif.com/sites/default/files/documentation/esp32-wroom-32e_esp32-wroom-32ue_datasheet_en.pdf},
	urldate = {2023-01-11}
}

@online{deif-mk2,
	author = {{DEIF A/S}},
	title = {{DEIF MIC-2 MKII product image}},
	url = {https://deif-cdn-umbraco.azureedge.net/media/hwcj24l1/mic-2-mkii-front.png},
	urldate = {2023-01-11}
}

